<?xml version="1.0" encoding="UTF-8"?><collection xmlns="http://www.loc.gov/MARC21/slim"><record><leader>00461nam--2200169-u-4500</leader><controlfield tag="001">000051423</controlfield><controlfield tag="002">20161230</controlfield><controlfield tag="005">20161230201049</controlfield><controlfield tag="008">080715s1000------------r-----000-0-eng-d</controlfield><datafield ind1=" " ind2=" " tag="040"><subfield code="a">IFIN-HH</subfield></datafield><datafield ind1="1" ind2=" " tag="100"><subfield code="a">Solomon Marcus</subfield></datafield><datafield ind1="1" ind2=" " tag="245"><subfield code="a">Lingvistica matematica. Modele matematice in lingvistica</subfield></datafield><datafield ind1=" " ind2=" " tag="260"><subfield code="a">Bucuresti</subfield><subfield code="b">Editura didactica si Pedagogica</subfield><subfield code="c">1963</subfield></datafield><datafield ind1=" " ind2=" " tag="300"><subfield code="a">220p</subfield></datafield><datafield ind1="1" ind2=" " tag="700"><subfield code="a">Marcus Solomon</subfield></datafield><datafield ind1=" " ind2=" " tag="852"><subfield code="a">9356</subfield><subfield code="c">517.11</subfield></datafield><datafield ind1=" " ind2=" " tag="CAT"><subfield code="a">Sys</subfield><subfield code="c">20080715</subfield><subfield code="h">090113</subfield></datafield></record></collection>